<?xml version="1.0" encoding="UTF-8"?><record xmlns="http://www.loc.gov/MARC21/slim" xmlns:cinclude="http://apache.org/cocoon/include/1.0" xmlns:zs="http://www.loc.gov/zing/srw/">
  <leader>00486cz  a2200145n  4500</leader>
  <controlfield tag="001">n  78082376 </controlfield>
  <controlfield tag="003">DLC</controlfield>
  <controlfield tag="005">20090305080645.0</controlfield>
  <controlfield tag="008">781107n| acannaabn          |n aaa      </controlfield>
  <datafield tag="010" ind1=" " ind2=" ">
    <subfield code="a">n  78082376 </subfield>
  </datafield>
  <datafield tag="035" ind1=" " ind2=" ">
    <subfield code="a">(OCoLC)oca00217648</subfield>
  </datafield>
  <datafield tag="040" ind1=" " ind2=" ">
    <subfield code="a">DLC</subfield>
    <subfield code="b">eng</subfield>
    <subfield code="c">DLC</subfield>
    <subfield code="d">DLC</subfield>
    <subfield code="d">OCoLC</subfield>
  </datafield>
  <datafield tag="100" ind1="1" ind2=" ">
    <subfield code="a">Melitz, Jacques</subfield>
  </datafield>
  <datafield tag="670" ind1=" " ind2=" ">
    <subfield code="a">Viner, J. Religious thought and economic society, 1978 (a.e.)</subfield>
    <subfield code="b">t.p. (Jacques Melitz)</subfield>
  </datafield>
  <datafield tag="670" ind1=" " ind2=" ">
    <subfield code="a">Prospects for monetary unions after the euro, c2005:</subfield>
    <subfield code="b">CIP t.p. (Jacques MeĚlitz)</subfield>
  </datafield>
</record>